<?xml version="1.0" encoding="UTF-8"?>
  <record xmlns="http://www.loc.gov/MARC21/slim" type="Authority">
    <leader>00000nz  a2200000nc 4500</leader>
    <controlfield tag="001">100946585</controlfield>
    <controlfield tag="003">DE-101</controlfield>
    <controlfield tag="005">20220511003122.0</controlfield>
    <controlfield tag="008">910104n||azznnaabn           | aaa    |c</controlfield>
    <datafield tag="024" ind1="7" ind2=" ">
      <subfield code="a">100946585</subfield>
      <subfield code="0">http://d-nb.info/gnd/100946585</subfield>
      <subfield code="2">gnd</subfield>
    </datafield>
    <datafield tag="035" ind1=" " ind2=" ">
      <subfield code="a">(DE-101)100946585</subfield>
    </datafield>
    <datafield tag="035" ind1=" " ind2=" ">
      <subfield code="a">(DE-588)100946585</subfield>
    </datafield>
    <datafield tag="035" ind1=" " ind2=" ">
      <subfield code="z">(DE-588)1089818203</subfield>
    </datafield>
    <datafield tag="035" ind1=" " ind2=" ">
      <subfield code="z">(DE-588)1089610335</subfield>
    </datafield>
    <datafield tag="035" ind1=" " ind2=" ">
      <subfield code="z">(DE-588)1090743378</subfield>
    </datafield>
    <datafield tag="035" ind1=" " ind2=" ">
      <subfield code="z">(DE-588a)100946585</subfield>
      <subfield code="9">v:zg</subfield>
    </datafield>
    <datafield tag="035" ind1=" " ind2=" ">
      <subfield code="z">(DE-588a)129118788</subfield>
    </datafield>
    <datafield tag="035" ind1=" " ind2=" ">
      <subfield code="z">(DE-588c)7573801-6</subfield>
      <subfield code="9">v:zg</subfield>
    </datafield>
    <datafield tag="040" ind1=" " ind2=" ">
      <subfield code="a">DE-12</subfield>
      <subfield code="c">DE-12</subfield>
      <subfield code="9">r:DE-12</subfield>
      <subfield code="b">ger</subfield>
      <subfield code="d">9999</subfield>
    </datafield>
    <datafield tag="042" ind1=" " ind2=" ">
      <subfield code="a">gnd1</subfield>
    </datafield>
    <datafield tag="043" ind1=" " ind2=" ">
      <subfield code="c">XA-FR</subfield>
    </datafield>
    <datafield tag="065" ind1=" " ind2=" ">
      <subfield code="a">3.6p</subfield>
      <subfield code="2">sswd</subfield>
    </datafield>
    <datafield tag="065" ind1=" " ind2=" ">
      <subfield code="a">12.2p</subfield>
      <subfield code="2">sswd</subfield>
    </datafield>
    <datafield tag="075" ind1=" " ind2=" ">
      <subfield code="b">p</subfield>
      <subfield code="2">gndgen</subfield>
    </datafield>
    <datafield tag="075" ind1=" " ind2=" ">
      <subfield code="b">piz</subfield>
      <subfield code="2">gndspec</subfield>
    </datafield>
    <datafield tag="079" ind1=" " ind2=" ">
      <subfield code="a">g</subfield>
      <subfield code="q">s</subfield>
      <subfield code="q">f</subfield>
      <subfield code="q">n</subfield>
    </datafield>
    <datafield tag="100" ind1="0" ind2=" ">
      <subfield code="a">Hugo</subfield>
      <subfield code="c">Floriacensis</subfield>
      <subfield code="d">-1135</subfield>
    </datafield>
    <datafield tag="375" ind1=" " ind2=" ">
      <subfield code="a">1</subfield>
      <subfield code="2">iso5218</subfield>
    </datafield>
    <datafield tag="400" ind1="0" ind2=" ">
      <subfield code="a">Hugo</subfield>
      <subfield code="c">de Sancta Maria</subfield>
      <subfield code="d">-1135</subfield>
    </datafield>
    <datafield tag="400" ind1="0" ind2=" ">
      <subfield code="a">Hugues</subfield>
      <subfield code="c">de Sainte-Marie</subfield>
      <subfield code="d">-1135</subfield>
    </datafield>
    <datafield tag="400" ind1="0" ind2=" ">
      <subfield code="a">Hugo</subfield>
      <subfield code="c">Monachus Sanctae Mariae</subfield>
      <subfield code="d">-1135</subfield>
    </datafield>
    <datafield tag="400" ind1="0" ind2=" ">
      <subfield code="a">Hugo</subfield>
      <subfield code="c">Sanctae Mariae Monachus</subfield>
      <subfield code="d">-1135</subfield>
    </datafield>
    <datafield tag="400" ind1="0" ind2=" ">
      <subfield code="a">Hugo</subfield>
      <subfield code="c">de Floriaco</subfield>
      <subfield code="d">-1135</subfield>
    </datafield>
    <datafield tag="400" ind1="0" ind2=" ">
      <subfield code="a">Hugo</subfield>
      <subfield code="d">-1135</subfield>
    </datafield>
    <datafield tag="400" ind1="0" ind2=" ">
      <subfield code="a">Hugo</subfield>
      <subfield code="c">de Fleury</subfield>
      <subfield code="d">-1135</subfield>
    </datafield>
    <datafield tag="400" ind1="0" ind2=" ">
      <subfield code="a">Hugo</subfield>
      <subfield code="c">de Sainte-Marie</subfield>
      <subfield code="d">-1135</subfield>
    </datafield>
    <datafield tag="400" ind1="1" ind2=" ">
      <subfield code="a">Fleury, Hugues &#152;de&#156;</subfield>
      <subfield code="d">-1135</subfield>
    </datafield>
    <datafield tag="400" ind1="0" ind2=" ">
      <subfield code="a">Hugo</subfield>
      <subfield code="c">von Fleury</subfield>
      <subfield code="d">-1135</subfield>
    </datafield>
    <datafield tag="400" ind1="0" ind2=" ">
      <subfield code="a">Hugues</subfield>
      <subfield code="c">de Fleury</subfield>
      <subfield code="d">-1135</subfield>
    </datafield>
    <datafield tag="548" ind1=" " ind2=" ">
      <subfield code="a">-1135</subfield>
      <subfield code="4">datl</subfield>
      <subfield code="4">https://d-nb.info/standards/elementset/gnd#dateOfDeath</subfield>
      <subfield code="w">r</subfield>
      <subfield code="i">Lebensdaten</subfield>
      <subfield code="9">v:Todesjahr ca.</subfield>
    </datafield>
    <datafield tag="550" ind1=" " ind2=" ">
      <subfield code="0">(DE-101)040399028</subfield>
      <subfield code="0">(DE-588)4039902-3</subfield>
      <subfield code="0">https://d-nb.info/gnd/4039902-3</subfield>
      <subfield code="a">Mönch</subfield>
      <subfield code="4">berc</subfield>
      <subfield code="4">https://d-nb.info/standards/elementset/gnd#professionOrOccupation</subfield>
      <subfield code="w">r</subfield>
      <subfield code="i">Charakteristischer Beruf</subfield>
    </datafield>
    <datafield tag="550" ind1=" " ind2=" ">
      <subfield code="0">(DE-101)040533093</subfield>
      <subfield code="0">(DE-588)4053309-8</subfield>
      <subfield code="0">https://d-nb.info/gnd/4053309-8</subfield>
      <subfield code="a">Schriftsteller</subfield>
      <subfield code="4">beru</subfield>
      <subfield code="4">https://d-nb.info/standards/elementset/gnd#professionOrOccupation</subfield>
      <subfield code="w">r</subfield>
      <subfield code="i">Beruf</subfield>
    </datafield>
    <datafield tag="667" ind1=" " ind2=" ">
      <subfield code="a">12-PMA</subfield>
    </datafield>
    <datafield tag="667" ind1=" " ind2=" ">
      <subfield code="a">12</subfield>
    </datafield>
    <datafield tag="667" ind1=" " ind2=" ">
      <subfield code="a">VD-17</subfield>
    </datafield>
    <datafield tag="667" ind1=" " ind2=" ">
      <subfield code="a">Quelle: DNB-Normdaten (Info DNB: (Todesjahr ca.) Land Frankreich (XA-FR) Beruf(e) Mönch Schriftsteller Weitere Angaben OSB; Historia ecclesiastica)</subfield>
    </datafield>
    <datafield tag="667" ind1=" " ind2=" ">
      <subfield code="a">MMm</subfield>
    </datafield>
    <datafield tag="670" ind1=" " ind2=" ">
      <subfield code="a">Tusculum-Lexikon; LThK; CSGL; LMA,V,171</subfield>
    </datafield>
    <datafield tag="672" ind1=" " ind2="0">
      <subfield code="a">&#152;Hugonis Floriacensis Monachi Benedictini&#156; Chronicon. - 1638</subfield>
    </datafield>
    <datafield tag="678" ind1=" " ind2=" ">
      <subfield code="b">OSB; Historia ecclesiastica</subfield>
    </datafield>
    <datafield tag="913" ind1=" " ind2=" ">
      <subfield code="S">pnd</subfield>
      <subfield code="i">5</subfield>
      <subfield code="a">Hugo &lt;Floriacensis&gt;</subfield>
      <subfield code="0">(DE-588a)100946585</subfield>
    </datafield>
  </record>
